%%%
%%% @(#) tuc-thesis.bib -- Literature used for documenting TUC packages
%%%
%%%     Time-stamp: <2019-11-17 13:52:35 tmjb>
%%%
%%%
%%% @(#) $Keywords: TUC, Clausthal-University of Technology, Thesis Class, Thesis Style, TUC Style $
%%%
%%%
%%%           File: /Users/tmjb/lib/texmf/tex/doc/latex/TUC/tuc-thesis.bib
%%%        Project: TUC
%%%    Description: Documentation for the TUC*-files
%%%         Author: tmjb -- Jan Braun <braun@rz.tu-clausthal.de>
%%%     Maintainer: tmjb -- Jan Braun <braun@rz.tu-clausthal.de>
%%%  Creation-Date: Wed Jun  1 2016 -- Jan Braun <braun@rz.tu-clausthal.de>
%%%      Copyright: (c) 2016 Jan Braun
%%%

%%% ======================================================== &Preamble ===


%%% ----------------------------------------------------- &Definitions ---
%%% Some useful definitions . . .

@String{TUC = "Technische Universität Clausthal"}
@String{DTK = "Die \TeX{}nische Kom{\"o}die"}



%%% ======================================================== &Document ===

@Manual{tuc:cd,
  title =	 {{C}orporate {D}esign {H}andbuch der {T}echnischen
                  {U}niversit{\"a}t {C}lausthal},
  organization = TUC,
  address =	 {Adolph-Roemer-Stra{"s}e 2a, 38678
                  Clausthal-Zellerfeld, Deutschland},
  edition =	 {1. Auf"|lage},
  month =	 Apr,
  year =	 2005,
  note =
                  {\url{http://www.tu-clausthal.de/cd/CD_Handbuch_TUC_2005.pdf}},
  urldate = 	 {2019-11-17},
  langid = 	 {ngerman}
}

@Manual{tuc:apo,
  title =	 {{A}llgemeine {P}rüfungsordnung der {T}echnischen
                  {U}niversität {C}lausthal},
  organization = TUC,
  address =	 {Adolph-Roemer-Stra{"s}e 2a, 38678
                  Clausthal-Zellerfeld, Deutschland},
  howpublished = {Verwaltungshandbuch der TU Clausthal, 6.10.01},
  month =	 Apr,
  year =	 2015,
  note =
                  {\url{http://www.tu-clausthal.de/hv/d5/vhb/system6/6_10_01.pdf}},
  urldate = 	 {2019-11-17},
  langid = 	 {ngerman}
}


@Manual{grfguide,
  title =	 {Packages in the ‘graphics’ bundle},
  author =	 {Carlisle, David P.},
  month =	 Apr,
  year =	 2014,
  note =
                  {\url{http://www.tu-clausthal.de/hv/d5/vhb/system6/6_10_01.pdf}},
  langid =	 {english}
}
                  

@Manual{scrguide,
  title =	 {{KOMA-Script}},
  author =	 {Kohm, Markus},
  month =	 May,
  year =	 2016,
  note =	 {\url{http://www.komascript.de/~mkohm/scrguide.pdf}},
  langid =	 {ngerman}
}


@Manual{beamerguide,
  title =	 {{The Beamer Class}},
  author =	 {Tantau, Till and Wright, Josef and Mileti{\'c},
                  Vedran},
  edition =	 {Version 3.36},
  year =	 2011,
  note =
                  {\url{http://mirrors.ctan.org/macros/latex/contrib/beamer/doc/beameruserguide.pdf}},
  langid =	 {english}
}


@Book{knuth:texbook,
  author =	 {Knuth, Donald E.},
  title =	 {{T}he {\TeX{}Book}},
  publisher =	 {Addison-Wesley},
  year =	 1984,
  volume =	 {A},
  series =	 {{C}omputer \& {T}ypesettnig},
  address =	 {Reading, Massachusetts},
  ISBN =	 {0-201-13447-0},
  langid =	 {english}
}


@Book{knuth:cm-fonts,
  author =	 {Knuth, Donald E.},
  title =	 {{C}omputer {M}odern {T}ypefaces},
  publisher =	 {Addison-Wesley},
  year =	 1986,
  volume =	 {F},
  series =	 {{C}omputer \& {T}ypesettnig},
  address =	 {Reading, Massachusetts},
  ISBN =	 {0-201-13446-2},
  langid =	 {english}
}


@book{tschichold:drucksachen,
  title =	 {{E}rfreuliche {D}rucksachen durch gute
                  {T}ypographie},
  author =	 {Tschichold, Jan},
  isbn =	 {9783875124132},
  note =	 {\url{https://books.google.de/books?id=MWAgAQAAMAAJ}},
  year =	 2001,
  publisher =	 {Maro-Verlag Augsburg},
  langid =	 {german}
}


@Misc{reichert:tabellen,
  author =	 {Axel Reichert},
  title =	 {{S}atz von {T}abellen},
  howpublished = {CTAN},
  month =	 Feb,
  year =	 1999,
  note =
                  {\url{http://ctan.mirrors.hoobly.com/info/german/tabsatz/tabsatz.pdf}},
  langid = 	 {german}
}


@Article{neubauer:mikrotypographie1,
  author =	 {Marion Neubauer},
  title =	 {{F}einheiten bei wissenschaftlichen {P}ublikationen
                  -- {M}ikrotypographie-{R}egeln I},
  journal =	 DTK,
  year =	 1996,
  number =	 4,
  pages =	 {23--40},
  note =
                  {\url{https://www.dante.de/tex/Dokumente/dtk-neubauer.pdf}},
  langid =	 {german}
}


@Article{neubauer:mikrotypographie2,
  author =	 {Marion Neubauer},
  title =	 {{F}einheiten bei wissenschaftlichen {P}ublikationen
                  -- {M}ikrotypographie-{R}egeln II},
  journal =	 DTK,
  year =	 1997,
  number =	 1,
  pages =	 {25--44},
  note =
                  {\url{https://www.dante.de/tex/Dokumente/NeubauerIIA.pdf}},
  langid =	 {german}
}


%%% ============================================================= &EOF ===

%%% Local Variables:
%%% mode: BibTeX
%%% TeX-master: TUC
%%% TeX-parse-self: t
%%% TeX-auto-save: t
%%% End:

